@article{rohde1965generalized,
  title={Generalized inverses of partitioned matrices},
  author={Rohde, Charles A},
  journal={Journal of the Society for Industrial and Applied Mathematics},
  volume={13},
  number={4},
  pages={1033--1035},
  year={1965},
  publisher={SIAM}
}
